@article{Alfaro1982,
  title={{Tree mortality and radial growth losses caused by the western spruce budworm in a Douglas-fir stand in British Columbia}},
  author={Alfaro, RI and Sickle, GA van and Thomson, AJ and Wegwitz, E},
  journal={Canadian Journal of Forest Research},
  volume={12},
  number={4},
  pages={780--787},
  year={1982},
}
@article{Altman2014,
  author = {Altman, J. and Fibich, P. and Dolezal, J. and Aakala, T.},
  doi = {10.1016/j.dendro.2014.01.004},
  file = {:D$\backslash$:/Dropbox/Articles/Dendrochronology - methods/Altman et al. 2014{\_}TRADER{\_}R package for disturbance detection.pdf:pdf},
  issn = {11257865},
  journal = {Dendrochronologia},
  keywords = {disturbance reconstruction},
  pages = {107--112},
  title = {{\texttt{TRADER}: A package for Tree Ring Analysis of Disturbance Events in R}},
  volume = {32},
  year = {2014}
}
@article{arstan,
  title={{Guide for computer program ARSTAN}},
  author={Cook, Edward R and Holmes, Richard L},
  journal={The international tree-ring data bank program library version 2},
  pages={75--87},
  year={1996}
}
@article{Axelson2014,
  title={{Variation in wood anatomical structure of Douglas-fir defoliated by the western spruce budworm: a case study in the coastal-transitional zone of British Columbia, Canada}},
  author={Axelson, JN and Bast, A and Alfaro, R and Smith, DJ and G{\"a}rtner, H},
  journal={Trees},
  volume={28},
  number={6},
  pages={1837--1846},
  year={2014},
  doi = {10.1007/s00468-014-1091-1}
}
@article{Axelson2015,
  title = {{Multicentury reconstruction of western spruce budworm outbreaks in central British Columbia, Canada}},
  journal = {Forest Ecology and Management},
  volume = {335},
  pages = {235--248},
  year = {2015},
  doi = {10.1016/j.foreco.2014.10.002},
  author = {J.N. Axelson and D.J. Smith and L.D. Daniels and R.I. Alfaro}
}
@article{Blais1954,
  title={The recurrence of spruce budworm infestations in the past century in the Lac Seul area of northwestern Ontario},
  author={Blais, JR},
  journal={Ecology},
  volume={35},
  number={1},
  pages={62--71},
  year={1954}
}
@article{Brewer2014, 
  title={Data Management in Dendroarchaeology Using Tellervo}, 
  volume={56}, 
  DOI={10.2458/azu_rc.56.18320}, 
  number={4}, 
  journal={Radiocarbon}, 
  publisher={Cambridge University Press}, 
  author={Brewer, Peter W.}, 
  year={2014}, 
  pages={S79–S83}
}
@article{Brewer2016,
  title = {A new digital field data collection system for dendrochronology},
  journal = {Dendrochronologia},
  volume = {38},
  pages = {131 - 135},
  year = {2016},
  issn = {1125-7865},
  doi = {10.1016/j.dendro.2016.04.005},
  author = {Peter W. Brewer and Christopher H. Guiterman}
}
@techreport{Brookes1987,
  title={Western spruce budworm},
  author={Brookes, M.H. and Robert W. Campbell and J.J. Colbert and R.G. Mitchell and R.W. Stark},
  year={1987},
  publisher={USDA Forest Service, Cooperative State Research Service, Technical Bulletin No. 1694. 198 p., Washington D.C.}
}
@article{Brubaker1978,
  title={Effects of defoliation by Douglas-fir tussock moth on ring sequences of Douglas-fir and grand fir},
  author={Brubaker, Linda B},
  year={1978},
  journal={Tree-Ring Bulletin},
  volume = {38},
  pages = {49--60}
}
@article{Brubaker1979,
  author = {Brubaker, Linda B. and Greene, Shannon K.},
  title = {Differential effects of Douglas-fir tussock moth and western spruce budworm defoliation on radial growth of grand fir and Douglas-fir},
  journal = {Canadian Journal of Forest Research},
  volume = {9},
  number = {1},
  pages = {95-105},
  year = {1979},
  doi = {10.1139/x79-016},
}
@article{Bunn2008,
  author = {Bunn, Andrew G.},
  doi = {10.1016/j.dendro.2008.01.002},
  file = {:D$\backslash$:/Dropbox/Articles/Dendrochronology - methods/Bunn 2008{\_}dplR.pdf:pdf},
  issn = {11257865},
  journal = {Dendrochronologia},
  keywords = {chronology,detrending,r,statistical software},
  pages = {115--124},
  title = {{A dendrochronology program library in R (\texttt{dplR})}},
  volume = {26},
  year = {2008}
}
@article{Bunn2010,
  author = {Bunn, Andrew G.},
  doi = {10.1016/j.dendro.2009.12.001},
  file = {:D$\backslash$:/Dropbox/Articles/Dendrochronology - methods/Dendro-R/Bunn 2010{\_}crossdating in R.pdf:pdf},
  issn = {11257865},
  journal = {Dendrochronologia},
  keywords = {cofecha,cross-correlation,moving correlation,skeleton plot,statistical software},
  pages = {251--258},
  title = {{Statistical and visual crossdating in \texttt{R} using the \texttt{dplR} library}},
  volume = {28},
  year = {2010}
}
@article{Campelo2016,
  author = {Campelo, Filipe and Nabais, Cristina and Carvalho, Ana and Vieira, Joana},
  doi = {10.1016/j.dendro.2015.12.006},
  file = {:D$\backslash$:/Dropbox/Articles/Dendrochronology - methods/Dendro-R/Campelo et al. 2016{\_}tracheideR.pdf:pdf},
  issn = {16120051},
  journal = {Dendrochronologia},
  keywords = {Density profile,Intra-annual density fluctuations,Standardization,Tracheids,Wood density},
  pages = {64--68},
  title = {{\texttt{tracheideR}--An R package to standardize tracheidograms}},
  volume = {37},
  year = {2016}
}
@article{Carus2004,
  title={{Impact of defoliation by the pine processionary moth (\textit{Thaumetopoea pityocampa}) on radial, height and volume growth of Calabrian pine (\textit{Pinus brutia}) trees in Turkey}},
  author={Carus, Serdar},
  journal={Phytoparasitica},
  volume={32},
  number={5},
  pages={459--469},
  year={2004},
}
@article{Carus2009,
  title={{Effects of defoliation caused by the processionary moth on growth of Crimean pines in western Turkey}},
  author={Carus, Serdar},
  journal={Phytoparasitica},
  volume={37},
  number={2},
  pages={105--114},
  year={2009},
}
@book{Cook2004,
  author = {Cook, Edward R. and Krusic, Paul J.},
  booktitle = {(Lamont- Doherty Earth Observatory and the National Science Foundation: New York) Available at https://www.ncdc.noaa.gov/data-access/paleoclimatology-data/datasets/tree-ring/drought-variability},
  publisher = {(Lamont- Doherty Earth Observatory and the National Science Foundation: New York) Available at https://www.ncdc.noaa.gov/data-access/paleoclimatology-data/datasets/tree-ring/drought-variability [Last accessed May 2020]},
  title = {{The North American Drought Atlas}},
  year = {2004}
}
@Manual{dfoliatR,
  title = {{\texttt{dfoliatR}: Detection and Analysis of Insect Defoliation Signals in Tree
  Rings. R package version 0.2.0}},
  author = {Christopher Guiterman and Ann Lynch and Jodi Axelson},
  year = {2020},
  edition = {R package version 0.2.0},
  url = {https://chguiterman.github.io/dfoliatR/},
  doi = {10.5281/zenodo.3626135}
}
@article{Esper2007,
  author = {Esper, Jan  and Büntgen, Ulf  and Frank, David C  and Nievergelt, Daniel  and Liebhold, Andrew },
  title = {1200 years of regular outbreaks in alpine insects},
  journal = {Proceedings of the Royal Society B: Biological Sciences},
  volume = {274},
  number = {1610},
  pages = {671-679},
  year = {2007},
  doi = {10.1098/rspb.2006.0191},
}
@article{outbreak,
  title={{Dendroecology program library: program OUTBREAK user’s manual}},
  author={Holmes, Richard L and Swetnam, Thomas W},
  journal={Laboratory of Tree-Ring Research, University of Arizona, Tucson},
  year={1986}
}
@article{Jevsenak2018,
  author = {Jev{\v{s}}enak, Jernej and Levani{\v{c}}, Tom},
  doi = {10.1016/j.dendro.2018.01.005},
  file = {:D$\backslash$:/Dropbox/Articles/Dendrochronology - methods/Dendro-R/Jevsenak and Levanic 2018{\_}dendroTools.pdf:pdf},
  issn = {16120051},
  journal = {Dendrochronologia},
  keywords = {Climate reconstruction,Daily climate data,Dendroclimatology,Nonlinear modelling,Running window,Tree-ring proxies},
  pages = {32--39},
  title = {{\texttt{dendroTools}: R package for studying linear and nonlinear responses between tree-rings and daily environmental data}},
  volume = {48},
  year = {2018}
}
@article{Lara2015,
  author = {Lara, W. and Bravo, F. and Sierra, C. A.},
  doi = {10.1016/j.dendro.2015.04.002},
  file = {:D$\backslash$:/Dropbox/Articles/Dendrochronology - methods/Dendro-R/Lara et al. 2015{\_}measuRing.pdf:pdf},
  issn = {16120051},
  journal = {Dendrochronologia},
  keywords = {Gray matrix,Linear detection,Low-frequency noise,Rgb channels,Ring borders,Smoothed grays},
  pages = {43--50},
  title = {{\texttt{MeasuRing}: An R package to measure tree-ring widths from scanned images}},
  volume = {34},
  year = {2015}
}
@incollection{Lynch2012,
  author = {Lynch, Ann M.},
  booktitle = {Insect Outbreaks Revisited},
  chapter = {7},
  doi = {10.1002/9781118295205.ch7},
  editor = {Barbosa, Pedro and Letourneau, Deborah K. and Agrawal, Anurag A.},
  file = {:D$\backslash$:/Dropbox/Articles/Defoliation/rmrs{\_}2012{\_}lynch{\_}a001.pdf:pdf},
  isbn = {9781444337594},
  keywords = {Dendrochronology,Douglas-fir and white fir,Dynamics of forest insect outbreaks,Methodological considerations,Reconstructions of outbreak histories,Short-term records and experimental results,Tree-ring chronologies,Tree-ring reconstruction,Two-year cycle spruce budworm,WSBW chronologies,and conifer defoliator outbreaks,dating past forest insect disturbances,identification of outbreaks,long-term data lack},
  pages = {126--154},
  publisher = {Blackwell Publishing Ltd},
  title = {{What Tree-Ring Reconstruction Tells Us about Conifer Defoliator Outbreaks}},
  year = {2012}
}
@article{Malevich2018,
author = {Malevich, Steven B. and Guiterman, Christopher H. and Margolis, Ellis Q.},
  doi = {10.1016/j.dendro.2018.02.005},
  file = {:D$\backslash$:/Dropbox/Articles/Fire-Detection,Methods/Malevich et al. 2018{\_}burnr.pdf:pdf},
  isbn = {11257865},
  issn = {16120051},
  journal = {Dendrochronologia},
  keywords = {Event,Fire ecology,SEA,Statistical software,Tree ring,Visualization},
  pages = {9--15},
  title = {{\texttt{burnr}: Fire history analysis and graphics in R}},
  volume = {49},
  year = {2018}
}
@article{Mason1997,
  title={Radial growth response of Douglas-fir and grand fir to larval densities of the Douglas-fir tussock moth and the western spruce budworm},
  author={Mason, Richard R and Wickman, Boyd E and Paul, H Gene},
  journal={Forest Science},
  volume={43},
  number={2},
  pages={194--205},
  year={1997},
}
@report{NADEF2018,
  author = {Jodi Axelson and Adam Csank and Rebecca Lee and James McGee and Kaitlyn McNiel},
  title = {{Reconstructing historical \textit{Choristoneura freemani} outbreaks using \textit{Pseudotsuga menziesii} in the greater Yellowstone region, Wyoming, U.S.A.}},
  publisher = {{Final Report of the 20th Annual North American Dendroecological Fieldweek (NADEF)}},
  year = {2018}
}
@Manual{RCore,
  title = {\texttt{R}: A Language and Environment for Statistical Computing},
  author = {{R Core Team}},
  organization = {R Foundation for Statistical Computing},
  address = {Vienna, Austria},
  year = {2019},
  url = {https://www.R-project.org/},
}
@article{Rathgeber2011,
  author = {Rathgeber, Cyrille B.K. and Longuetaud, Fleur and Mothe, Fr{\'{e}}d{\'{e}}ric and Cuny, Henri and {Le Mogu{\'{e}}dec}, Gilles},
  doi = {10.1016/j.dendro.2011.01.004},
  file = {:D$\backslash$:/Dropbox/Articles/Dendrochronology - methods/Dendro-R/Rathgeber et al. 2011{\_}CAVIAR.pdf:pdf},
  issn = {11257865},
  journal = {Dendrochronologia},
  keywords = {Abies alba,Bootstrap test on median,Pinus silvestris,Tree radial growth monitoring,Xylogenesis},
  number = {3},
  pages = {139--149},
  title = {{Phenology of wood formation: Data processing, analysis and visualisation using R (package \texttt{CAVIAR})}},
  volume = {29},
  year = {2011}
}
@article{Ryerson2003,
  author = {Ryerson, Daniel E and Swetnam, Thomas W and Lynch, Ann M},
  doi = {10.1139/X03-026},
  file = {:D$\backslash$:/Dropbox/Articles/Climate-Disturbances/Ryerson et al. 2003{\_}WSB in the San Juans.pdf:pdf},
  journal = {Canadian Journal of Forest Research},
  pages = {1010--1028},
  title = {{A tree-ring reconstruction of western spruce budworm outbreaks in the San Juan Mountains, Colorado, U.S.A.}},
  volume = {33},
  year = {2003}
}
@proceedings{Sanders1985,
  title={{Recent Advances in Spruce Budworms Research, \emph{Proceedings of the CANUSA Spruce Budworms Research Symposium}, 16-20 September, Bangor, ME}},
  editor={Sanders, C.J. and R.W. Stark and E.J. Mullins and J. Murphy},
  publisher = {{Canadian Forestry Service, Ottawa, Ontario. 527p}},
  year={1985}
}
@book{Schmitt1984,
  title={{Managing the spruce budworm in eastern North America}},
  author={Schmitt, D.M. and Grimble, D.G. and Searcy, JL},
  publisher={USDA Forest Service, Cooperative State Research Service, Agriculture Handbook No. 620. 192p., Washington D.C},
  year={1984}
}
@article{Shi2019,
  title = {{\texttt{MtreeRing}: An R package with graphical user interface for automatic measurement of tree ring widths using image processing techniques}},
  journal = "Dendrochronologia",
  volume = "58",
  pages = "125644",
  year = "2019",
  issn = "1125-7865",
  doi = "10.1016/j.dendro.2019.125644",
  author = "Jingning Shi and Wei Xiang and Qijing Liu and Sher Shah",
}
@book{Speer2010,
  author = {Speer, James H},
  booktitle = {Fundamentals of Tree-Ring Research},
  isbn = {9780816526840},
  pages = {333},
  pmid = {15970520},
  publisher = {The University of Arizona Press},
  title = {{Fundamentals of Tree-Ring Research}},
  year = {2010}
}
@book{Swetnam1985,
  author = {Swetnam, Thomas W. and Thompson, Marna A. and Sutherland, Elaine K.},
  publisher = {United States Department of Agriculture handbook No. 639. 38 p., Washington D.C},
  isbn = {639},
  pages = {38p.},
  title = {{Using dendrochronology to measure radial growth of defoliated trees}},
  url = {www.fs.usda.gov/treesearch/pubs/40898},
  volume = {639},
  year = {1985}
}
@article{Swetnam1987,
  author = {Swetnam, Thomas W.},
  journal = {PhD Dissertation, University of Arizona},
  keywords = {watershed management},
  pages = {1--245},
  title = {{A Dendrochronological Assessment of Western Spruce Budworm, Choristoneura occidentalis Freeman, in the Southern Rocky Mountains}},
  url = {http://ezproxy.library.arizona.edu/login?url=http://proquest.umi.com/pqdweb?did=753027921{\&}sid=16{\&}Fmt=2{\&}clientId=43922{\&}RQT=309{\&}VName=PQD{\%}5Cnpapers2://publication/uuid/FBACB6E5-1FDC-4ACB-B0CB-B443C7D642CB},
  volume = {PhD},
  year = {1987}
}
@article{Swetnam1989,
  author = {Swetnam, Thomas W. and Lynch, Ann M.},
  doi = {10.1093/forestscience/35.4.962},
  issn = {0015749X},
  journal = {Forest Science},
  number = {4},
  pages = {962--986},
  title = {{A tree-ring reconstruction of western spruce budworm history in the southern Rocky Mountains}},
  volume = {35},
  year = {1989}
}
@article{Swetnam1993,
  author = {Swetnam, Thomas W. and Lynch, Ann M.},
  file = {:D$\backslash$:/Dropbox/Articles/Climate-Disturbances/Swetnam and Lynch 1993{\_}WSB - Ecol Monog.pdf:pdf},
  journal = {Ecological Monographs},
  number = {4},
  pages = {399--424},
  title = {{Multicentury, Regional-Scale Patterns of Western Spruce Budworm Outbreaks}},
  doi = {10.2307/2937153},
  volume = {63},
  year = {1993}
}
@article{Swetnam1999,
  author = {Swetnam, TW and Allen, CD and Betancourt, JL},
  journal = {Ecological applications},
  number = {4},
  pages = {1189--1206},
  title = {{Applied historical ecology: using the past to manage for the future}},
  doi = {10.1890/1051-0761(1999)009[1189:AHEUTP]2.0.CO;2},
  volume = {9},
  year = {1999}
}
@article{Westveld1946,
  author = {Westveld, M.},
  journal = {Journal of Forestry},
  pages = {949--953},
  title = {{Forest management as a means of controlling the spruce budworm}},
  volume = {44},
  year = {1946}
}
@Manual{Wickham2020dplyr,
  title = {{\texttt{dplyr}: A Grammar of Data Manipulation}},
  author = {Hadley Wickham and Romain François and Lionel Henry and Kirill Müller},
  year = {2020},
  edition = {R package version 0.8.4},
  url = {https://CRAN.R-project.org/package=dplyr},
}
@book{wickham2016ggplot2,
  title={{\texttt{ggplot2}: Elegant Graphics for Data Analysis}},
  author={Wickham, Hadley},
  year={2016},
  edition={Second edition},
  publisher={Springer-Verlag, New York},
  url = {https://ggplot2-book.org/}
}
@article{Wickham2019,
  doi = {10.21105/joss.01686},
  url = {https://doi.org/10.21105/joss.01686},
  year = {2019},
  publisher = {The Open Journal},
  volume = {4},
  number = {43},
  pages = {1686},
  author = {Hadley Wickham and Mara Averick and Jennifer Bryan and Winston Chang and Lucy McGowan and Romain François and Garrett Grolemund and Alex Hayes and Lionel Henry and Jim Hester and Max Kuhn and Thomas Pedersen and Evan Miller and Stephan Bache and Kirill Müller and Jeroen Ooms and David Robinson and Dana Seidel and Vitalie Spinu and Kohske Takahashi and Davis Vaughan and Claus Wilke and Kara Woo and Hiroaki Yutani},
  title = {Welcome to the \texttt{Tidyverse}},
  journal = {Journal of Open Source Software}
}
@report{Wickman1986,
  author = {Wickman, B.E.},
  year = {1986},
  title = {Radial growth of grand fir and Douglas-fir 10 years after defoliation by the Douglas-fir tussock moth in the Blue Mountains outbreak},
  publisher = {{USDA Forest Service, Pacific Northwest Research Station, Research Paper PNW-367.  Portland, Oregon}}
}
@article{VanderMaaten2016,
  author = {{Van der Maaten}, Ernst and {Van der Maaten-Theunissen}, Marieke and Smiljani{\'{c}}, Marko and Rossi, Sergio and Simard, Sonia and Wilmking, Martin and Deslauriers, Annie and Fonti, Patrick and von Arx, Georg and Bouriaud, Olivier},
  doi = {10.1016/j.dendro.2016.06.001},
  file = {:D$\backslash$:/Dropbox/Articles/Dendrochronology - methods/Dendro-R/van der Maaten et al. 2016{\_}dendrometeR.pdf:pdf},
  issn = {16120051},
  journal = {Dendrochronologia},
  keywords = {Data analysis,Dendrometer,Radial growth,Stem-size variation,Tree water status,Tree-growth monitoring},
  pages = {12--16},
  title = {{\texttt{DendrometeR}: Analyzing the pulse of trees in R}},
  volume = {40},
  year = {2016}
}
@article{VanderMaaten-Theunissen2015,
  author = {{van der Maaten-Theunissen}, Marieke and {van der Maaten}, Ernst and Bouriaud, Olivier},
  doi = {10.1016/j.dendro.2015.05.006},
  file = {:D$\backslash$:/Dropbox/Articles/Dendrochronology - methods/Dendro-R/van der Maaten et al. 2015{\_}pointRes.pdf:pdf},
  issn = {16120051},
  journal = {Dendrochronologia},
  keywords = {Cropper values,Event year,Extreme events,Recovery,Relative growth change,Resistance},
  pages = {34--38},
  title = {{\texttt{PointRes}: An R package to analyze pointer years and components of resilience}},
  url = {http://dx.doi.org/10.1016/j.dendro.2015.05.006},
  volume = {35},
  year = {2015}
}
@article{Zang2015,
author = {Zang, Christian and Biondi, Franco},
doi = {10.1111/ecog.01335},
file = {:D$\backslash$:/Dropbox/Articles/Dendrochronology - methods/Zang{\&}Biondi2015{\_}treeclim.pdf:pdf},
issn = {16000587},
journal = {Ecography},
number = {4},
pages = {431--436},
title = {{\texttt{treeclim}: An R package for the numerical calibration of proxy-climate relationships}},
volume = {38},
year = {2015}
}







