@software{chris_guiterman_2020_3626136,
  author       = {Chris Guiterman},
  title        = {chguiterman/dfoliatR: First release},
  month        = jan,
  year         = 2020,
  publisher    = {Zenodo},
  version      = {v0.0.4},
  doi          = {10.5281/zenodo.3626136},
  url          = {https://doi.org/10.5281/zenodo.3626136}
}
